<record><leader>00000cas a2200000 a 4500</leader><controlfield tag="001">31327886</controlfield><controlfield tag="008">941021d19941996sduwr ne      0    0eng c</controlfield><datafield ind1=" " ind2=" " tag="010"><subfield code="a">sn 95071074 </subfield></datafield><datafield ind1=" " ind2=" " tag="040"><subfield code="a">MSA</subfield><subfield code="b">eng</subfield><subfield code="c">MSA</subfield><subfield code="d">NYS</subfield><subfield code="d">CLU</subfield><subfield code="d">NVF</subfield><subfield code="d">DLC</subfield><subfield code="d">SXN</subfield><subfield code="d">NYS</subfield><subfield code="d">CVF</subfield><subfield code="d">DLC</subfield><subfield code="d">IUL</subfield><subfield code="d">HVL</subfield><subfield code="d">OCLCQ</subfield><subfield code="d">OCLCF</subfield></datafield><datafield ind1="1" ind2=" " tag="029"><subfield code="a">AU@</subfield><subfield code="b">000011579730</subfield></datafield><datafield ind1=" " ind2=" " tag="042"><subfield code="a">pcc</subfield></datafield><datafield ind1=" " ind2=" " tag="043"><subfield code="a">n-us-sd</subfield><subfield code="a">np-----</subfield><subfield code="a">n-us---</subfield></datafield><datafield ind1="0" ind2="0" tag="050"><subfield code="a">Newspaper</subfield></datafield><datafield ind1="1" ind2="4" tag="050"><subfield code="a">E78.S63</subfield><subfield code="b">I52</subfield></datafield><datafield ind1=" " ind2=" " tag="092"><subfield code="a">306.08997078</subfield></datafield><datafield ind1="0" ind2=" " tag="130"><subfield code="a">Indian country today (Northern Plains ed.)</subfield></datafield><datafield ind1="1" ind2="0" tag="245"><subfield code="a">Indian country today.</subfield></datafield><datafield ind1=" " ind2=" " tag="250"><subfield code="a">Northern Plains ed.</subfield></datafield><datafield ind1=" " ind2=" " tag="260"><subfield code="a">Rapid City, SD :</subfield><subfield code="b">Native American Pub.,</subfield><subfield code="c">c1994-c1996.</subfield></datafield><datafield ind1=" " ind2=" " tag="300"><subfield code="a">2 v. :</subfield><subfield code="b">ill. ;</subfield><subfield code="c">58 cm.</subfield></datafield><datafield ind1=" " ind2=" " tag="310"><subfield code="a">Weekly</subfield></datafield><datafield ind1="0" ind2=" " tag="362"><subfield code="a">Vol. 14, issue 15 (Oct. 5, 1994)-v. 15, issue 31 (Jan. 25, 1996).</subfield></datafield><datafield ind1=" " ind2=" " tag="530"><subfield code="a">Also issued on microfilm from the South Dakota State Historical Society.</subfield></datafield><datafield ind1=" " ind2=" " tag="580"><subfield code="a">Merged with: Indian country today (Southwest ed.), to form: Indian country today (1996).</subfield></datafield><datafield ind1=" " ind2="0" tag="650"><subfield code="a">Indians of North America</subfield><subfield code="z">Great Plains</subfield><subfield code="v">Newspapers.</subfield></datafield><datafield ind1=" " ind2="0" tag="650"><subfield code="a">Dakota Indians</subfield><subfield code="v">Newspapers.</subfield></datafield><datafield ind1=" " ind2="0" tag="651"><subfield code="a">Rapid City (S.D.)</subfield><subfield code="v">Newspapers.</subfield></datafield><datafield ind1=" " ind2="0" tag="651"><subfield code="a">Pennington County (S.D.)</subfield><subfield code="v">Newspapers.</subfield></datafield><datafield ind1=" " ind2="7" tag="655"><subfield code="a">Newspapers.</subfield><subfield code="2">fast</subfield><subfield code="0">(OCoLC)fst01423814</subfield></datafield><datafield ind1=" " ind2="7" tag="650"><subfield code="a">Dakota Indians.</subfield><subfield code="2">fast</subfield><subfield code="0">(OCoLC)fst00887107</subfield></datafield><datafield ind1=" " ind2="7" tag="650"><subfield code="a">Indians of North America.</subfield><subfield code="2">fast</subfield><subfield code="0">(OCoLC)fst00969633</subfield></datafield><datafield ind1=" " ind2="7" tag="651"><subfield code="a">Great Plains.</subfield><subfield code="2">fast</subfield><subfield code="0">(OCoLC)fst01240567</subfield></datafield><datafield ind1=" " ind2="7" tag="651"><subfield code="a">South Dakota</subfield><subfield code="z">Pennington County.</subfield><subfield code="2">fast</subfield><subfield code="0">(OCoLC)fst01215591</subfield></datafield><datafield ind1=" " ind2="7" tag="651"><subfield code="a">South Dakota</subfield><subfield code="z">Rapid City.</subfield><subfield code="2">fast</subfield><subfield code="0">(OCoLC)fst01212163</subfield></datafield><datafield ind1=" " ind2=" " tag="752"><subfield code="a">United States</subfield><subfield code="b">South Dakota</subfield><subfield code="c">Pennington</subfield><subfield code="d">Rapid City.</subfield></datafield><datafield ind1="0" ind2=" " tag="775"><subfield code="t">Indian country today (Southwest ed.)</subfield><subfield code="w">(OCoLC)31327868</subfield></datafield><datafield ind1="1" ind2=" " tag="776"><subfield code="c">Microfilm</subfield><subfield code="w">(OCoLC)43291287</subfield></datafield><datafield ind1="0" ind2="1" tag="780"><subfield code="t">Indian country today</subfield><subfield code="x">1066-5501</subfield><subfield code="w">(DLC)sn 92001658</subfield><subfield code="w">(OCoLC)26771949</subfield></datafield><datafield ind1="1" ind2="7" tag="785"><subfield code="t">Indian country today (Southwest ed.)</subfield><subfield code="w">(OCoLC)31327868</subfield></datafield><datafield ind1="1" ind2="7" tag="785"><subfield code="t">Indian country today (1996)</subfield><subfield code="w">(DLC)sn 97017162</subfield><subfield code="w">(OCoLC)34317951</subfield></datafield></record>